<?xml version="1.0" encoding="UTF-8"?><collection xmlns="http://www.loc.gov/MARC21/slim"><record><leader>00502nam--2200145-i-4500</leader><controlfield tag="001">000028884</controlfield><controlfield tag="002">20161230</controlfield><controlfield tag="005">20161230201037</controlfield><controlfield tag="008">060222s1000------------r-----000-0-eng-d</controlfield><datafield ind1=" " ind2=" " tag="080"><subfield code="a">681.3.02(061.3)</subfield></datafield><datafield ind1=" " ind2=" " tag="245"><subfield code="a">Large scale integration: techmnology, applications and impacts, fourth euromicro</subfield></datafield><datafield ind1=" " ind2=" " tag="260"><subfield code="a">Symposium On Microprocessing And Microprogramming October 17-19, 1978</subfield></datafield><datafield ind1=" " ind2=" " tag="490"><subfield code="a">Amsterdam, North-holland Publishing Company, 1978, Xiii + 380p</subfield></datafield><datafield ind1=" " ind2=" " tag="700"><subfield code="a">Harold W. Lawson, Jr</subfield></datafield><datafield ind1=" " ind2=" " tag="852"><subfield code="a">47059</subfield></datafield></record></collection>